@article{lukasiak2010history,
  title={History of semiconductors},
  author={{\L}ukasiak, Lidia and Jakubowski, Andrzej},
  journal={Journal of Telecommunications and information technology},
  number={1},
  pages={3--9},
  year={2010},
  publisher={Instytut {\L}{\k{a}}czno{\'s}ci-Pa{\'n}stwowy Instytut Badawczy}
}


@article{makri2015quantum,
  title={Quantum-classical path integral: A rigorous approach to condensed phase dynamics},
  author={Makri, Nancy},
  journal={International Journal of Quantum Chemistry},
  volume={115},
  number={18},
  pages={1209--1214},
  year={2015},
  publisher={Wiley Online Library}
}


@article{oberhofer2017charge,
  title={Charge transport in molecular materials: An assessment of computational methods},
  author={Oberhofer, Harald and Reuter, Karsten and Blumberger, Jochen},
  journal={Chemical reviews},
  volume={117},
  number={15},
  pages={10319--10357},
  year={2017},
  publisher={ACS Publications}
}

@article{smith2010singlet,
  title={Singlet fission},
  author={Smith, Millicent B and Michl, Josef},
  journal={Chemical reviews},
  volume={110},
  number={11},
  pages={6891--6936},
  year={2010},
  publisher={ACS Publications}
}

@article{casanova2018theoretical,
  title={Theoretical modeling of singlet fission},
  author={Casanova, David},
  journal={Chemical reviews},
  volume={118},
  number={15},
  pages={7164--7207},
  year={2018},
  publisher={ACS Publications}
}

@article{zimmerman2013correlated,
  title={A correlated electron view of singlet fission},
  author={Zimmerman, Paul M and Musgrave, Charles B and Head-Gordon, Martin},
  journal={Accounts of chemical research},
  volume={46},
  number={6},
  pages={1339--1347},
  year={2013},
  publisher={ACS Publications}
}

@article{ghosh2020excitons,
  title={Excitons and polarons in organic materials},
  author={Ghosh, Raja and Spano, Frank C},
  journal={Accounts of Chemical Research},
  volume={53},
  number={10},
  pages={2201--2211},
  year={2020},
  publisher={ACS Publications}
}

@article{hanna2006solar,
  title={Solar conversion efficiency of photovoltaic and photoelectrolysis cells with carrier multiplication absorbers},
  author={Hanna, MC and Nozik, AJ},
  journal={Journal of Applied Physics},
  volume={100},
  number={7},
  year={2006},
  publisher={AIP Publishing}
}

@article{rao2010exciton,
  title={Exciton fission and charge generation via triplet excitons in pentacene/C60 bilayers},
  author={Rao, Akshay and Wilson, Mark WB and Hodgkiss, Justin M and Albert-Seifried, Sebastian and Bassler, Heinz and Friend, Richard H},
  journal={Journal of the American Chemical Society},
  volume={132},
  number={36},
  pages={12698--12703},
  year={2010},
  publisher={ACS Publications}
}







@article{miladic2023method,
  title={Method for obtaining polaron mobility using real and imaginary time path-integral quantum Monte Carlo},
  author={Miladi{\'c}, Suzana and Vukmirovi{\'c}, Nenad},
  journal={Physical Review B},
  volume={107},
  number={18},
  pages={184315},
  year={2023},
  publisher={APS}
}

@article{borrelli,
  title={Expanding the range of hierarchical equations of motion by tensor-train implementation},
  author={Borrelli, Raffaele and Dolgov, Sergey},
  journal={The Journal of Physical Chemistry B},
  volume={125},
  number={20},
  pages={5397--5407},
  year={2021},
  publisher={ACS Publications}
}

@article{Ordejn2017,
  doi = {10.1103/physrevb.96.035202},
  url = {https://doi.org/10.1103/physrevb.96.035202},
  year = {2017},
  month = jul,
  publisher = {American Physical Society ({APS})},
  volume = {96},
  number = {3},
  author = {P. Ordej{\'{o}}n and D. Boskovic and M. Panhans and F. Ortmann},
  title = {Ab initio study of electron-phonon coupling in rubrene},
  journal = {Physical Review B}
}

@article{holstein1959,
	title = {Studies of polaron motion},
	volume = {8},
	issn = {00034916},
	doi = {10.1016/0003-4916(59)90003-X},
	number = {3},
	urldate = {2022-01-05},
	journal = {Annals of Physics},
	author = {Holstein, T.},
	month = nov,
	year = {1959},
	pages = {343--389},
}

@book{nelson2003physics,
  title={The physics of solar cells},
  author={Nelson, Jenny A},
  year={2003},
  publisher={World Scientific Publishing Company}
}

@book{maykuhn,
    author = {Oliver Kuhn Volkhard May},
    title = {Charge and Energy Transfer Dynamics in Molecular Systems},
    publisher = {Wiley‐VCH Verlag GmbH Co. KGaA},
    year = {2011}
}

@book{szabo2012modern,
  title={Modern quantum chemistry: introduction to advanced electronic structure theory},
  author={Szabo, Attila and Ostlund, Neil S},
  year={2012},
  publisher={Courier Corporation}
}


@book{tuckerman2023statistical,
  title={Statistical mechanics: theory and molecular simulation},
  author={Tuckerman, Mark E},
  year={2023},
  publisher={Oxford university press}
}

@article{blumberger,
  title={How to calculate charge mobility in molecular materials from surface hopping non-adiabatic molecular dynamics--beyond the hopping/band paradigm},
  author={Carof, Antoine and Giannini, Samuele and Blumberger, Jochen},
  journal={Physical Chemistry Chemical Physics},
  volume={21},
  number={48},
  pages={26368--26386},
  year={2019},
  publisher={Royal Society of Chemistry}
}


@article{feynman2000theory,
  title={The theory of a general quantum system interacting with a linear dissipative system},
  author={Feynman, Richard Phillips and Vernon Jr, FL},
  journal={Annals of physics},
  volume={281},
  number={1-2},
  pages={547--607},
  year={2000},
  publisher={Elsevier}
}

@article{quapi,
    author = {Nancy Makri},
    title={Numerical path integral techniques for long time dynamics of quantum dissipative systems},
    journal={Journal of Mathematical Physics},
    year={1995}
}

@article{trotter1959,
    author = {H F Trotter},
    title = {On the product of semi-groups of operators},
    journal = {Proceedings of American Mathematical Society},
    year = {1959}}

@book{feynhibbs,
    author = {Feynman and Hibbs},
    title = {Path Integrals and Quantum Mechanics},
    publisher = {Dover Books},
    year = {1965}
}

@book{ashcroft2022solid,
  title={Solid state physics},
  author={Ashcroft, Neil W and Mermin, N David},
  year={2022},
  publisher={Cengage Learning}
}


@misc{ Nobody06,
       author = "Nobody Jr",
       title = "My Article",
       year = "2006"
}

@inproceedings{kendall2007practical,
  title={Practical malware analysis},
  author={Kendall, Kris and McMillan, Chad},
  booktitle={Black Hat Conference, USA},
  pages={10},
  year={2007}
}

@article{cmu-malware,
  title={Malware Capability Development Patterns Respond To Defenses: Two Case Studies},
  author={O’Meara, Kyle and Shick, Deana and Spring, Jonathan and Stoner, Edward},
  year={2016}
}

@online{cyber-killchain,
	title = {Cyber Kill Chain},
	url = {http://cyber.lockheedmartin.com/solutions/cyber-kill-chain
},
	titleaddon = {{Lockheed Martin}},
	urldate = {2016-03-20}
}